@Article{Abandah2015AutomaticDiacritizationArabicTextUsingRecurrentNeuralNetworks,
  author =	 {Abandah, Gheith A and Graves, Alex and Al-shagoor, Balkees and Arabiyat, Alaa and
                  Jamour, Fuad and Al-taee, Majid},
  title =	 {{Automatic Diacritization of Arabic Text Using Recurrent Neural networks}},
  journal =	 {International Journal on Document Analysis and Recognition (IJDAR) June 201},
  year =	 2015,
  url =		 {http://www.abandah.com/gheith/wp-content/uploads/2015/02/Auto{\_}Diac.pdf},
  file =	 {Abandah2015AutomaticDiacritizationArabicTextUsingRecurrentNeuralNetworks.pdf},
  isbn =	 9626530081,
  keywords =	 {arabic text,automatic diacritization,deep neural networks,long short-term,machine
                  learning,neural networks,recurrent,sequence transcription}
}


@Article{Abuata2016RuleBasedAlgorithmFor,
  author =	 {Abuata, Belal and Al-Omari‏, A},
  title =	 {{A Rule-Based Algorithm for the Detection of Arud Meter in Classical Arabic
                  Poetry‏}},
  journal =	 {researchgate.net‏},
  year =	 2016,
  url =
                  {https://www.researchgate.net/profile/Belal{\_}Abuata/publication/298199192{\_}A{\_}Rule-Based{\_}Algorithm{\_}for{\_}the{\_}Detection{\_}of{\_}Arud{\_}Meter{\_}in{\_}Classical{\_}Arabic{\_}Poetry/links/5790817108ae64311c0ff2fd.pdf},
  file =	 {Abuata2016RuleBasedAlgorithmFor.pdf},
  keywords =	 {Arabic linguistic,Arabic poetry,Arabic retrieval,Arud meter algorithm}
}


@Article{Agirrezabal2017ComparisonFeatureBasedNeural,
  author =	 {Agirrezabal, Manex and Alegria, I{\~{n}}aki and Hulden, Mans},
  title =	 {{A Comparison of Feature-Based and Neural Scansion of Poetry}},
  journal =	 {Ranlp},
  year =	 2017,
  url =		 {https://arxiv.org/pdf/1711.00938.pdf},
  archiveprefix ={arXiv},
  arxivid =	 {1711.00938},
  file =	 {Agirrezabal2017ComparisonFeatureBasedNeural.pdf},
  keywords =	 {Bi-LSTM,CRF,Conditional Random Fields,English text,Englsih poetry,RNN,Spanish
                  text,analysis poetic rhythm,char-level,spanish poetry,supervised learning}}


@article{Al-ZahraniSaleh2010ArabicPoetryMeterIdentificationSystemMethod,
  author =	 {{Al-Zahrani Saleh}, Moustafa Elshafei},
  title =	 {{Arabic Poetry Meter Identification System and Method}},
  volume =	 {1},
  number =	 {US 20100185436A1},
  year =	 {2010},
  doi =		 {US 2010/0311130 Al},
  url =		 {https://doi.org/US 2010/0311130 Al},
  archivePrefix ={arXiv},
  arxivId =	 {arXiv:1208.5721},
  eprint =	 {arXiv:1208.5721},
  file =	 {Al-ZahraniSaleh2010ArabicPoetryMeterIdentificationSystemMethod.pdf},
  isbn =	 {2008101466198},
  issn =	 {00218979},
  keywords =	 {Arabic Poem,HMM,ML,Patent,sequence of voweled and consonant},
  pmid =	 {1000182772},
}


@Article{Almuhareb2013RecognitionClassicalArabicPoems,
  author =	 {Almuhareb, Abdulrahman and Alkharashi, Ibrahim and {AL Saud}, Lama and Altuwaijri,
                  Haya},
  title =	 {{Recognition of Classical Arabic Poems}},
  journal =	 {2nd Workshop on Computational Linguistics for Literature (CLfL 2013)},
  year =	 2013,
  pages =	 {9-16},
  url =		 {http://www.aclweb.org/anthology/W13-1402},
  file =	 {RecognitionClassicalArabicPoems.pdf}
}


@article{Almuhareb2013aMethodSystemIdentifyingTraditionalArabicPoems,
  author =	 {Almuhareb, Abdulrahman},
  title =	 {{Method and System for Identifying Traditional Arabic poems}},
  volume =	 {2},
  number =	 {12},
  year =	 {2013},
  doi =		 {10.1145/634067.634234.},
  url =		 {https://doi.org/10.1145/634067.634234.},
  file =	 {MethodSystemIdentifyingTraditionalArabicPoems.pdf},
  isbn =	 {5131121213},
}


@article{Almuhareb2015RecognitionModernArabicPoems,
  author =	 {Almuhareb, Abdulrahman and Almutairi, Waleed A and Altuwaijri, Haya and Almubarak,
                  Abdulelah and Khan, Marwa},
  title =	 {{Recognition of Modern Arabic Poems}},
  volume =	 {10},
  number =	 {4},
  pages =	 {454--464},
  year =	 {2015},
  doi =		 {10.17706/jsw.10.4.454-464},
  url =		 {https://doi.org/10.17706/jsw.10.4.454-464},
  file =	 {Almuhareb2015RecognitionModernArabicPoems.pdf},
  issn =	 {1796217X},
  keywords =	 {Meter,poem,poetry,rhyme,verse},
}


@Article{Alnagdawi2013FindingArabicPoemMeter,
  author =	 {Alnagdawi, Mohammad a and Rashideh, Hasan and Fahed, Ala},
  title =	 {{Finding Arabic Poem Meter Using Context Free Grammar}},
  journal =	 {J. of Commun. {\&} Comput. Eng.},
  year =	 2013,
  volume =	 3,
  number =	 1,
  pages =	 {52-59},
  file =	 {Alnagdawi2013FindingArabicPoemMeter.pdf},
  keywords =	 {arabic poem meter,arud,cfg,context free gramar,expression,regular}
}


@Article{Anderson2017DecipheringmalwareTLS-WithoutDecryption,
  author =	 {Anderson, Blake and Paul, Subharthi and McGrew, David},
  title =	 {{Deciphering Malware's Use of Tls (without decryption)}},
  journal =	 {Journal of Computer Virology and Hacking Techniques},
  year =	 2017,
  pages =	 {1-17},
  doi =		 {10.1007/s11416-017-0306-6},
  url =		 {https://doi.org/10.1007/s11416-017-0306-6},
  archiveprefix ={arXiv},
  arxivid =	 {1607.01639},
  file =	 {DecipheringmalwareTLS-WithoutDecryption.pdf},
  keywords =	 {Cryptography}}


@article{Aslett2015ReviewHomomorphicEncryption,
  author =	 {Aslett, Louis J. M. and Esperan{\c{c}}a, Pedro M. and Holmes, Chris C.},
  title =	 {{A Review of Homomorphic Encryption and Software Tools for Encrypted Statistical
                  Machine learning}},
  pages =	 {1--21},
  year =	 {2015},
  url =		 {http://arxiv.org/abs/1508.06574},
  archivePrefix ={arXiv},
  arxivId =	 {1508.06574},
  eprint =	 {1508.06574},
  file =	 {A review of homomorphic encryption and software tools for encrypted
                  statistical machine learning.pdf},
  keywords =	 {Cryptography,data privacy,encrypted statistical analysis,homomorphic
                  encryption,homomorphic encryption r package},
  mendeley-tags ={Cryptography},
}


@Article{Belinkov2015ArabicDiacritizationRecurrentNeuralNetworks,
  author =	 {Belinkov, Yonatan and Glass, James},
  title =	 {{Arabic Diacritization With Recurrent Neural Networks}},
  journal =	 {Proceedings of the 2015 Conference on Empirical Methods in Natural Language
                  Processing},
  year =	 2015,
  number =	 {September},
  pages =	 {2281-2285},
  doi =		 {10.18653/v1/D15-1274},
  url =		 {https://doi.org/10.18653/v1/D15-1274},
  file =	 {Arabic Diacritization with Recurrent Neural Networks.pdf},
  isbn =	 9781941643327
}


@article{Cho2014aLearningPhraseRepresentationsusingRNNEncoderDecoderStatisticalMachineTranslation,
  author =	 {Cho, Kyunghyun and van Merrienboer, Bart and Gulcehre, Caglar and Bahdanau,
                  Dzmitry and Bougares, Fethi and Schwenk, Holger and Bengio, Yoshua},
  title =	 {{Learning Phrase Representations Using Rnn Encoder-Decoder for Statistical Machine
                  Translation}},
  year =	 {2014},
  doi =		 {10.3115/v1/D14-1179},
  url =		 {https://doi.org/10.3115/v1/D14-1179},
  archivePrefix ={arXiv},
  arxivId =	 {1406.1078},
  eprint =	 {1406.1078},
  file =
                  {LearningPhraseRepresentationsusingRNNEncoderDecoderStatisticalMachineTranslation.pdf},
  isbn =	 {9781937284961},
  issn =	 {09205691},
  pmid =	 {2079951},
}


@article{Chung2016CharacterLevelDecoderwithoutExplicitSegmentationNeuralMachineTranslation,
  author =	 {Chung, Junyoung and Cho, Kyunghyun and Bengio, Yoshua},
  title =	 {{A Character-Level Decoder Without Explicit Segmentation for Neural Machine
                  Translation}},
  year =	 {2016},
  url =		 {http://arxiv.org/abs/1603.06147},
  archivePrefix ={arXiv},
  arxivId =	 {1603.06147},
  eprint =	 {1603.06147},
  file =	 {CharacterLevelDecoderwithoutExplicitSegmentationNeuralMachineTranslation.pdf},
  isbn =	 {9781510827585},
  issn =	 {2307-387X},
}


@article{Eldesouki2017ArabicMultiDialectSegmentation,
  author =	 {Eldesouki, Mohamed and Samih, Younes and Abdelali, Ahmed and Attia, Mohammed and
                  Mubarak, Hamdy and Darwish, Kareem and Kallmeyer, Laura and City, New York},
  title =	 {{Arabic Multi-Dialect Segmentation: Bi-Lstm-Crf Vs. SVM}},
  year =	 {2017},
  archivePrefix ={arXiv},
  arxivId =	 {arXiv:1708.05891v1},
  eprint =	 {arXiv:1708.05891v1},
  file =	 {EldeEldesouki2017ArabicMultiDialectSegmentation.pdf},
}


@article{Ficler2017ControllingLinguisticStyleAspectsNeuralLanguageGeneration,
  author =	 {Ficler, Jessica and Goldberg, Yoav},
  title =	 {{Controlling Linguistic Style Aspects in Neural Language Generation}},
  number =	 {section 3},
  year =	 {2017},
  url =		 {http://arxiv.org/abs/1707.02633},
  archivePrefix ={arXiv},
  arxivId =	 {1707.02633},
  eprint =	 {1707.02633},
  file =	 {ControllingLinguisticStyleAspectsNeuralLanguageGeneration.pdf},
}


@article{Ghosh2015NeuralNetworksTextCorrectionCompletionKeyboardDecoding,
  author =	 {Ghosh, Shaona and Kristensson, Ola},
  title =	 {{Neural Networks for Text Correction and Completion in Keyboard Decoding}},
  volume =	 {14},
  number =	 {8},
  pages =	 {1--14},
  year =	 {2015},
  archivePrefix ={arXiv},
  arxivId =	 {1709.06429},
  eprint =	 {1709.06429},
  file =	 {NeuralNetworksTextCorrectionCompletionKeyboardDecoding.pdf},
  keywords =	 {Artificial Neural Networks,Convolution Neural Networks,Decoding,Index
                  Terms-Machine Learning,Recurrent Neural Networks,Supervised Learning},
}


@article{Graves2013GeneratingSequencesRecurrentNeuralNetworks,
  author =	 {Graves, Alex},
  title =	 {{Generating Sequences With Recurrent Neural Networks}},
  pages =	 {1--43},
  year =	 {2013},
  doi =		 {10.1145/2661829.2661935},
  url =		 {https://doi.org/10.1145/2661829.2661935},
  archivePrefix ={arXiv},
  arxivId =	 {1308.0850},
  eprint =	 {1308.0850},
  file =	 {GeneratingSequencesRecurrentNeuralNetworks.pdf},
  isbn =	 {2000201075},
  issn =	 {18792782},
  pmid =	 {23459267},
}


@article{Greydanus2017LearningEnigmaRecurrentNeuralNetworks,
  author =	 {Greydanus, Sam},
  title =	 {{Learning the Enigma With Recurrent Neural Networks}},
  year =	 {2017},
  url =		 {http://arxiv.org/abs/1708.07576},
  archivePrefix ={arXiv},
  arxivId =	 {1708.07576},
  eprint =	 {1708.07576},
  file =	 {LearningEnigmaRecurrentNeuralNetworks.pdf},
}


@Article{Hochreiter1997LongShortTermMemory,
  author =	 {Hochreiter, Sepp and {Urgen Schmidhuber}, J},
  title =	 {{Long Short-Term Memory}},
  journal =	 {Neural Computation},
  year =	 1997,
  volume =	 9,
  number =	 8,
  pages =	 {1735-1780},
  doi =		 {10.1162/neco.1997.9.8.1735},
  url =		 {https://doi.org/10.1162/neco.1997.9.8.1735},
  archiveprefix ={arXiv},
  arxivid =	 {1206.2944},
  file =	 {Hochreiter1997LongShortTermMemory.pdf},
  isbn =	 {08997667 (ISSN)}}


@Article{Hopkins2017AutomaticallyGeneratingRhythmicVerseNeuralNetworks,
  author =	 {Hopkins, Jack and Kiela, Douwe},
  title =	 {{Automatically Generating Rhythmic Verse With Neural Networks}},
  journal =	 {Proceedings of the 55th Annual Meeting of the Association for Computational
                  Linguistics (Volume 1: Long Papers)},
  year =	 2017,
  pages =	 {168-178},
  doi =		 {10.18653/v1/P17-1016},
  url =		 {https://doi.org/10.18653/v1/P17-1016},
  file =	 {Hopkins2017AutomaticallyGeneratingRhythmicVerseNeuralNetworks.pdf},
  isbn =	 9781945626753
}


@Article{Hwang2017CharacterLevelLanguageModelingHierarchicalRecurrentNeuralNetworks,
  author =	 {Hwang, Kyuyeon and Sung, Wonyong},
  title =	 {{Character-Level Language Modeling With Hierarchical Recurrent Neural networks}},
  journal =	 {ICASSP, IEEE International Conference on Acoustics, Speech and Signal Processing -
                  Proceedings},
  year =	 2017,
  pages =	 {5720-5724},
  doi =		 {10.1109/ICASSP.2017.7953252},
  url =		 {https://doi.org/10.1109/ICASSP.2017.7953252},
  archiveprefix ={arXiv},
  arxivid =	 {1609.03777},
  file =	 {CharacterLevelLanguageModelingHierarchicalRecurrentNeuralNetworks.pdf},
  isbn =	 9781509041176,
  keywords =	 {Character-level language model,hierarchical recurrent neural network,long
                  short-term memory}
}


@article{Kim2015CharacterAwareNeuralLanguageModels,
  author =	 {Kim, Yoon and Jernite, Yacine and Sontag, David and Rush, Alexander M.},
  title =	 {{Character-Aware Neural Language Models}},
  pages =	 {2741--2749},
  year =	 {2015},
  doi =		 {2},
  url =		 {https://doi.org/2},
  archivePrefix ={arXiv},
  arxivId =	 {1508.06615},
  eprint =	 {1508.06615},
  file =	 {CharacterAwareNeuralLanguageModels.pdf},
  isbn =	 {9781577357605},
  issn =	 {14814374},
  keywords =	 {Technical Papers: Natural Language Processing and},
  pmid =	 {15003161},
}


@article{Kowsari2017HierarchicalDeepLearningTextClassification,
  author =	 {Kowsari, Kamran and Brown, Donald E. and Heidarysafa, Mojtaba and Meimandi, Kiana
                  Jafari and Gerber, Matthew S. and Barnes, Laura E.},
  title =	 {{HDLTex: Hierarchical Deep Learning for Text Classification}},
  year =	 {2017},
  archivePrefix ={arXiv},
  arxivId =	 {1709.08267},
  eprint =	 {1709.08267},
  file =	 {HierarchicalDeepLearningTextClassification.pdf},
}


@Article{Kurt2012AlgorithmForDetectionAnalysis,
  author =	 {Kurt, Atakan and Kara, Mehmet},
  title =	 {{An Algorithm for the Detection and Analysis of Arud Meter in Diwan poetry}},
  journal =	 {Turkish Journal of Electrical Engineering and Computer Sciences},
  year =	 2012,
  volume =	 20,
  number =	 6,
  pages =	 {948-963},
  doi =		 {10.3906/elk-1010-899},
  url =		 {https://doi.org/10.3906/elk-1010-899},
  file =	 {Kurt2012AlgorithmForDetectionAnalysis.pdf},
  keywords =	 {Arabic,Arud,Diwan,Meter,Ottoman,Persian,Poem,Poetry,Prosody,Scansion,Turkish}
}


@Article{Lai2015RecurrentConvolutionalNeuralNetworksTextClassification,
  author =	 {Lai, Siwei and Xu, Liheng and Liu, Kang and Zhao, Jun},
  title =	 {{Recurrent Convolutional Neural Networks for Text Classification}},
  journal =	 {Twenty-Ninth AAAI Conference on Artificial Intelligence},
  year =	 2015,
  pages =	 {2267-2273},
  file =	 {RecurrentConvolutionalNeuralNetworksTextClassification.pdf},
  isbn =	 9781577357018,
  keywords =	 {NLP and Machine Learning Track}
}


@article{Lee2017NameNationalityClassificationRecurrentNeuralNetworks,
  author =	 {Lee, Jinhyuk and Kim, Hyunjae and Ko, Miyoung and Choi, Donghee and Choi, Jaehoon
                  and Korea, Jaewoo Kang},
  title =	 {{Name Nationality Classification With Recurrent Neural Networks}},
  year =	 {2017},
  file =	 {NameNationalityClassificationRecurrentNeuralNetworks.pdf},
  keywords =	 {Classification,LSTM,Machine Learning: Classification,Machine Learning: Deep
                  Learning,Machine Learning: Neural Networks,RNN,Skip-gram
                  embeding,char-level,character embeddings,n-gram models,nationality and ethnicity
                  classification tasks,one-hot encoding,softmax},
  mendeley-tags ={Classification,LSTM,RNN,Skip-gram embeding,char-level,character embeddings,n-gram
                  models,nationality and ethnicity classification tasks,one-hot encoding,softmax},
}


@article{Lewis2016SentenceCorrectionusingRecurrentNeuralNetworks,
  author =	 {Lewis, Gene},
  title =	 {{Sentence Correction Using Recurrent Neural Networks}},
  year =	 {2016},
  url =		 {https://cs224d.stanford.edu/reports/Lewis.pdf},
  file =	 {SentenceCorrectionusingRecurrentNeuralNetworks.pdf},
  keywords =	 {Char-RNN,English text,LSTM,NLP to translation,Text using RNN,mini-batch,one-hot
                  encoding,softmax},
  mendeley-tags ={Char-RNN,English text,LSTM,NLP to translation,Text using RNN,mini-batch,one-hot
                  encoding,softmax},
}


@Article{Liu2016RecurrentNeuralNetworkTextClassificationMulti,
  author =	 {Liu, Pengfei and Qiu, Xipeng and Huang, Xuanjing},
  title =	 {{Recurrent Neural Network for Text Classification With Multi-Task Learning}},
  journal =	 {Proceedings of the 25th International Joint Conference on Artificial Intelligence
                  IJCAI-16},
  year =	 2016,
  pages =	 {to appear},
  url =		 {http://arxiv.org/abs/1605.05101},
  archiveprefix ={arXiv},
  arxivid =	 {1605.05101},
  file =	 {RecurrentNeuralNetworkTextClassificationMulti-TaskLearning.pdf},
  isbn =	 {978-1-57735-770-4},
  keywords =	 {Natural Language Processing}
}


@article{Lopyrev2015GeneratingNewsHeadlinesRecurrentNeuralNetworks,
  author =	 {Lopyrev, Konstantin},
  title =	 {{Generating News Headlines With Recurrent Neural Networks}},
  year =	 {2015},
  url =		 {https://arxiv.org/pdf/1512.01712.pdf},
  archivePrefix ={arXiv},
  arxivId =	 {1512.01712},
  eprint =	 {1512.01712},
  file =	 {GeneratingNewsHeadlinesRecurrentNeuralNetworks.pdf},
  keywords =	 {English Text,Generating news headlines,LSTM,RNN,ecnoder-decoder RNN,word level},
}


@Article{Martens2011GeneratingTextRecurrentNeuralNetworks,
  author =	 {Martens, James 2011},
  title =	 {{Generating Text With Recurrent Neural Networks}},
  journal =	 {Neural Networks},
  year =	 2011,
  volume =	 131,
  number =	 1,
  pages =	 {1017-1024},
  doi =		 2,
  url =		 {https://doi.org/2},
  archiveprefix ={arXiv},
  arxivid =	 {arXiv:gr-qc/9809069v1},
  file =	 {GeneratingTextRecurrentNeuralNetworks.pdf},
  isbn =	 9781450306195,
  primaryclass = {arXiv:gr-qc}
}


@Article{Parikh2016LearningCapitalizeCharacterLevelRecurrentNeuralNetworksEmpiricalStudy,
  author =	 {Parikh, Ankur P. and T{\"{a}}ckstr{\"{o}}m, Oscar and Das, Dipanjan and Uszkoreit,
                  Jakob and Nguyen, Dat Quoc and Sirts, Kairit and Qu, Lizhen and Johnson, Mark and
                  Qin, Lianhui and Zhang, Zhisong and Zhao, Hai and Cheng, Hao and Fang, Hao and He,
                  Xiaodong and Gao, Jianfeng and Deng, Li and Wieting, John and Bansal, Mohit and
                  Gimpel, Kevin and Livescu, Karen and Golub, David and He, Xiaodong and Wang, Peilu
                  and Qian, Yao and Soong, Frank K. and He, Lei and Zhao, Hai and Li, Qi and Li,
                  Tianshi and Chang, Baobao and Science, Computer and District, Haidian and Zhou,
                  Jie and Cao, Ying and Wang, Xuguang and Li, Peng and Xu, Wei and Sharp, Rebecca
                  and Surdeanu, Mihai and Jansen, Peter and Clark, Peter and Hammond, Michael and
                  Qiu, Lin and Tu, Kewei and Yu, Yong and Melamud, Oren and Goldberger, Jacob and
                  Dagan, Ido and Susanto, Raymond Hendy and Chieu, Hai Leong and Lu, Wei and Kurata,
                  Gakuto and Xiang, Bing and Zhou, Bowen and Yu, Mo and Trischler, Adam and Ye,
                  Zheng and Yuan, Xingdi and Suleman, Kaheer and Zhang, Xingxing and Lu, Liang and
                  Lapata, Mirella and Lee, Ji Young and Dernoncourt, Franck and Wang, Zhiguo and Mi,
                  Haitao and Ittycheriah, Abraham and Liu, Yang and Li, Sujian and Onishi, Takeshi
                  and Wang, Hai and Bansal, Mohit and Gimpel, Kevin and McAllester, David},
  title =	 {{A Decomposable Attention Model for Natural Language Inference Ankur}},
  journal =	 {Emnlp},
  year =	 2016,
  volume =	 5,
  number =	 3,
  pages =	 {128-137},
  doi =		 {10.18653/v1/N16-1062},
  url =		 {https://doi.org/10.18653/v1/N16-1062},
  archiveprefix ={arXiv},
  arxivid =	 {1511.00060},
  file =	 {LearningCapitalizeCharacterLevelRecurrentNeuralNetworksEmpiricalStudy.pdf},
  isbn =	 9781941643914
}


@Article{Potdar2017ComparativeStudyCategoricalVariable,
  author =	 {Potdar, Kedar and S., Taher and D., Chinmay},
  title =	 {{A Comparative Study of Categorical Variable Encoding Techniques for Neural
                  Network Classifiers}},
  journal =	 {International Journal of Computer Applications},
  year =	 2017,
  volume =	 175,
  number =	 4,
  pages =	 {7-9},
  doi =		 {10.5120/ijca2017915495},
  url =		 {https://doi.org/10.5120/ijca2017915495},
  file =	 {Potdar2017ComparativeStudyCategoricalVariable.pdf}}


@Article{Prieto2017LearningTextRepresentationRecurrentConvolutionalNeuralNetworkHighwayLayers,
  author =	 {Prieto, Luis P. and Rodr{\'{i}}guez-Triana, Mar{\'{i}}a Jes{\'{u}}s and Kusmin,
                  Marge and Laanpere, Mart},
  title =	 {{Smart School Multimodal Dataset and challenges}},
  journal =	 {CEUR Workshop Proceedings},
  year =	 2017,
  volume =	 1828,
  pages =	 {53-59},
  doi =		 {10.1145/1235},
  url =		 {https://doi.org/10.1145/1235},
  archiveprefix ={arXiv},
  arxivid =	 {arXiv:1603.07016v1},
  file =
                  {LearningTextRepresentationRecurrentConvolutionalNeuralNetworkHighwayLayers.pdf},
  isbn =	 9781450321389,
  keywords =	 {Multimodal learning analytics,Multimodal teaching analytics,STEM
                  education,Sensors,Smart classroom,Smart school}}


@Article{Tanasescu2016AutomaticClassificationPoetryMeter,
  author =	 {Tanasescu, Margento Chris and Paget, Bryan and Inkpen, Diana},
  title =	 {{Automatic Classification of Poetry By Meter and Rhyme}},
  journal =	 {Florida Artificial Intelligence Research Society Conference},
  year =	 2016,
  volume =	 5,
  url =		 {https://www.aaai.org/ocs/index.php/FLAIRS/FLAIRS16/paper/view/12923},
  file =	 {Tanasescu2016AutomaticClassificationPoetryMeter.pdf},
  isbn =	 0714285714
}


@Article{Tizhoosh2006PoemRecognition,
  author =	 {Tizhoosh, H. R. and Dara, R. A.},
  title =	 {{On Poem recognition}},
  journal =	 {Pattern Analysis and Applications},
  year =	 2006,
  volume =	 9,
  number =	 4,
  pages =	 {325-338},
  doi =		 {10.1007/s10044-006-0044-8},
  url =		 {https://doi.org/10.1007/s10044-006-0044-8},
  file =	 {Tizhoosh2006PoemRecognition.pdf}}


@Article{Tizhoosh2008PoeticFeaturesPoemRecognitionComparativeStudy,
  author =	 {Tizhoosh, Hamid R and Dara, Rozita},
  title =	 {{Poetic Features for Poem Recognition : a Comparative Study}},
  journal =	 {Design Engineering},
  year =	 2008,
  number =	 {April 2014},
  pages =	 {24-39},
  doi =		 {10.13176/11.62},
  url =		 {https://doi.org/10.13176/11.62},
  file =	 {PoeticFeaturesPoemRecognitionComparativeStudy.pdf},
  keywords =	 {English poem}
}


@Article{Wu2013CharacterLevelConvolutionalNetworksTextClassification,
  author =	 {Wu, Zhizheng and Virtanen, Tuomas and Kinnunen, Tomi and Chng, Eng Siong and Li,
                  Haizhou},
  title =	 {{Character-Level Convolutional Networks for Text Classification}},
  journal =	 {Proceedings of the Annual Conference of the International Speech Communication
                  Association, INTERSPEECH},
  year =	 2013,
  pages =	 {3057-3061},
  doi =		 {10.1063/1.4906785},
  url =		 {https://doi.org/10.1063/1.4906785},
  archiveprefix ={arXiv},
  arxivid =	 {1502.01710},
  file =	 {CharacterLevelConvolutionalNetworksTextClassification.pdf},
  isbn =	 0123456789,
  keywords =	 {Multi-frame exemplar,Temporal information,Unit selection,Voice conversion}}


@article{Xie2017DeepPoetryWordLevelCharacterLevelLanguageModelsShakespeareanSonnetGeneration,
  author =	 {Xie, Stanley and Rastogi, Ruchir and Chang, Max},
  title =	 {{Deep Poetry: Word-Level and Character-Level Language Models for Shakespearean
                  Sonnet Generation}},
  year =	 {2017},
  file =
                  {DeepPoetryWordLevelCharacterLevelLanguageModelsShakespeareanSonnetGeneration.pdf},
}


@article{Xu2016VariationalAutoencodersSemiSupervisedTextClassification,
  author =	 {Xu, Weidi and Sun, Haoze and Deng, Chao and Tan, Ying},
  title =	 {{Variational Autoencoders for Semi-Supervised Text Classification}},
  year =	 {2016},
  url =		 {http://arxiv.org/abs/1603.02514},
  archivePrefix ={arXiv},
  arxivId =	 {1603.02514},
  eprint =	 {1603.02514},
  file =	 {VariationalAutoencodersSemiSupervisedTextClassification.pdf},
  keywords =	 {Semi-supervised},
  mendeley-tags ={Semi-supervised},
}


@Article{Yan2016AutomaticPoetryCompositionRecurrentNeuralNetworksIterativePolishingSchema,
  author =	 {Yan, Rui},
  title =	 {{I, Poet: Automatic Poetry Composition Through Recurrent Neural Networks With
                  Iterative Polishing schema}},
  journal =	 {IJCAI International Joint Conference on Artificial Intelligence},
  year =	 2016,
  volume =	 {2016-Janua},
  pages =	 {2238-2244},
  file =
                  {Yan2016AutomaticPoetryCompositionRecurrentNeuralNetworksIterativePolishingSchema.pdf},
  keywords =	 {Machine Learning}
}


@article{Yogatama2017GenerativeDiscriminativeTextClassificationRecurrentNeuralNetworks,
  author =	 {Yogatama, Dani and Dyer, Chris and Ling, Wang and Blunsom, Phil},
  title =	 {{Generative and Discriminative Text Classification With Recurrent Neural
                  Networks}},
  year =	 {2017},
  doi =		 {10.1109/SLT.2016.7846260},
  url =		 {https://doi.org/10.1109/SLT.2016.7846260},
  archivePrefix ={arXiv},
  arxivId =	 {1703.01898},
  eprint =	 {1703.01898},
  file =	 {GenerativeDiscriminativeTextClassificationRecurrentNeuralNetworks.pdf},
  isbn =	 {9781509049035},
  issn =	 {19909772},
}


@article{Zhou2015ACLSTMNeuralNetworkTextClassification,
  author =	 {Zhou, Chunting and Sun, Chonglin and Liu, Zhiyuan and Lau, Francis C. M.},
  title =	 {{A C-Lstm Neural Network for Text Classification}},
  year =	 {2015},
  url =		 {http://arxiv.org/abs/1511.08630},
  archivePrefix ={arXiv},
  arxivId =	 {1511.08630},
  eprint =	 {1511.08630},
  file =	 {Zhou2015ACLSTMNeuralNetworkTextClassification.pdf},
}


