@article{Abandah2015AutomaticDiacritizationArabicTextUsingRecurrentNeuralNetworks,
author = {Abandah, Gheith A and Graves, Alex and Al-shagoor, Balkees and Arabiyat, Alaa and Jamour, Fuad and Al-taee, Majid},
file = {home/Abandah2015AutomaticDiacritizationArabicTextUsingRecurrentNeuralNetworks.pdf},
isbn = {9626530081},
journal = {International Journal on Document Analysis and Recognition (IJDAR) June 201},
keywords = {arabic text,automatic diacritization,deep neural networks,long short-term,machine learning,neural networks,recurrent,sequence transcription},
title = {{Automatic diacritization of Arabic text using recurrent neural networks}},
url = {http://www.abandah.com/gheith/wp-content/uploads/2015/02/Auto{\_}Diac.pdf},
year = {2015}
}
@article{Abuata2016RuleBasedAlgorithmFor,
author = {Abuata, Belal and Al-Omari‏, A},
file = {home/Abuata2016RuleBasedAlgorithmFor.pdf},
journal = {researchgate.net‏},
keywords = {Arabic linguistic,Arabic poetry,Arabic retrieval,Arud meter algorithm},
title = {{A Rule-Based Algorithm for the Detection of Arud Meter in Classical Arabic Poetry‏}},
url = {https://www.researchgate.net/profile/Belal{\_}Abuata/publication/298199192{\_}A{\_}Rule-Based{\_}Algorithm{\_}for{\_}the{\_}Detection{\_}of{\_}Arud{\_}Meter{\_}in{\_}Classical{\_}Arabic{\_}Poetry/links/5790817108ae64311c0ff2fd.pdf},
year = {2016}
}
@article{Agirrezabal2017ComparisonFeatureBasedNeural,
archivePrefix = {arXiv},
arxivId = {1711.00938},
author = {Agirrezabal, Manex and Alegria, I{\~{n}}aki and Hulden, Mans},
eprint = {1711.00938},
file = {home/Agirrezabal2017ComparisonFeatureBasedNeural.pdf},
journal = {Ranlp},
keywords = {Bi-LSTM,CRF,Conditional Random Fields,English text,Englsih poetry,RNN,Spanish text,analysis poetic rhythm,char-level,spanish poetry,supervised learning},
mendeley-tags = {Bi-LSTM,CRF,Conditional Random Fields,English text,Englsih poetry,RNN,Spanish text,analysis poetic rhythm,char-level,spanish poetry,supervised learning},
title = {{A Comparison of Feature-Based and Neural Scansion of Poetry}},
url = {https://arxiv.org/pdf/1711.00938.pdf},
year = {2017}
}
@article{Al-ZahraniSaleh2010ArabicPoetryMeterIdentificationSystemMethod,
archivePrefix = {arXiv},
arxivId = {arXiv:1208.5721},
author = {{Al-Zahrani Saleh}, Moustafa Elshafei},
doi = {US 2010/0311130 Al},
eprint = {arXiv:1208.5721},
file = {home/Al-ZahraniSaleh2010ArabicPoetryMeterIdentificationSystemMethod.pdf},
isbn = {2008101466198},
issn = {00218979},
keywords = {Arabic Poem,HMM,ML,Patent,sequence of voweled and consonant},
number = {US 20100185436A1},
pmid = {1000182772},
title = {{Arabic Poetry Meter Identification System and Method}},
volume = {1},
year = {2010}
}
@article{Almuhareb2013aMethodSystemIdentifyingTraditionalArabicPoems,
author = {Almuhareb, Abdulrahman},
doi = {10.1145/634067.634234.},
file = {home/MethodSystemIdentifyingTraditionalArabicPoems.pdf},
isbn = {5131121213},
number = {12},
title = {{Method and system for identifying traditional arabic poems}},
volume = {2},
year = {2013}
}
@article{Almuhareb2013RecognitionClassicalArabicPoems,
author = {Almuhareb, Abdulrahman and Alkharashi, Ibrahim and {AL Saud}, Lama and Altuwaijri, Haya},
file = {home/RecognitionClassicalArabicPoems.pdf},
journal = {2nd Workshop on Computational Linguistics for Literature (CLfL 2013)},
pages = {9--16},
title = {{Recognition of Classical Arabic Poems}},
url = {http://www.aclweb.org/anthology/W13-1402},
year = {2013}
}
@article{Almuhareb2015RecognitionModernArabicPoems,
author = {Almuhareb, Abdulrahman and Almutairi, Waleed A and Altuwaijri, Haya and Almubarak, Abdulelah and Khan, Marwa},
doi = {10.17706/jsw.10.4.454-464},
file = {home/Almuhareb2015RecognitionModernArabicPoems.pdf},
issn = {1796217X},
keywords = {Meter,poem,poetry,rhyme,verse},
number = {4},
pages = {454--464},
title = {{Recognition of Modern Arabic Poems}},
volume = {10},
year = {2015}
}
@article{Alnagdawi2013FindingArabicPoemMeter,
author = {Alnagdawi, Mohammad a and Rashideh, Hasan and Fahed, Ala},
file = {home/Alnagdawi2013FindingArabicPoemMeter.pdf},
journal = {J. of Commun. {\&} Comput. Eng.},
keywords = {arabic poem meter,arud,cfg,context free gramar,expression,regular},
number = {1},
pages = {52--59},
title = {{Finding Arabic Poem Meter using Context Free Grammar}},
volume = {3},
year = {2013}
}
@article{Anderson2017DecipheringmalwareTLS-WithoutDecryption,
archivePrefix = {arXiv},
arxivId = {1607.01639},
author = {Anderson, Blake and Paul, Subharthi and McGrew, David},
doi = {10.1007/s11416-017-0306-6},
eprint = {1607.01639},
file = {home/DecipheringmalwareTLS-WithoutDecryption.pdf},
issn = {22638733},
journal = {Journal of Computer Virology and Hacking Techniques},
keywords = {Cryptography},
mendeley-tags = {Cryptography},
pages = {1--17},
title = {{Deciphering malware's use of TLS (without decryption)}},
year = {2017}
}
@article{Aslett2015ReviewHomomorphicEncryption,
archivePrefix = {arXiv},
arxivId = {1508.06574},
author = {Aslett, Louis J. M. and Esperan{\c{c}}a, Pedro M. and Holmes, Chris C.},
eprint = {1508.06574},
file = {home/A review of homomorphic encryption and software tools for encrypted statistical machine learning.pdf},
keywords = {Cryptography,data privacy,encrypted statistical analysis,homomorphic encryption,homomorphic encryption r package},
mendeley-tags = {Cryptography},
pages = {1--21},
title = {{A review of homomorphic encryption and software tools for encrypted statistical machine learning}},
url = {http://arxiv.org/abs/1508.06574},
year = {2015}
}
@article{Belinkov2015ArabicDiacritizationRecurrentNeuralNetworks,
author = {Belinkov, Yonatan and Glass, James},
doi = {10.18653/v1/D15-1274},
file = {home/Arabic Diacritization with Recurrent Neural Networks.pdf},
isbn = {9781941643327},
journal = {Proceedings of the 2015 Conference on Empirical Methods in Natural Language Processing},
number = {September},
pages = {2281--2285},
title = {{Arabic Diacritization with Recurrent Neural Networks}},
year = {2015}
}
@article{Cho2014aLearningPhraseRepresentationsusingRNNEncoderDecoderStatisticalMachineTranslation,
archivePrefix = {arXiv},
arxivId = {1406.1078},
author = {Cho, Kyunghyun and van Merrienboer, Bart and Gulcehre, Caglar and Bahdanau, Dzmitry and Bougares, Fethi and Schwenk, Holger and Bengio, Yoshua},
doi = {10.3115/v1/D14-1179},
eprint = {1406.1078},
file = {home/LearningPhraseRepresentationsusingRNNEncoderDecoderStatisticalMachineTranslation.pdf},
isbn = {9781937284961},
issn = {09205691},
pmid = {2079951},
title = {{Learning Phrase Representations using RNN Encoder-Decoder for Statistical Machine Translation}},
url = {http://arxiv.org/abs/1406.1078},
year = {2014}
}
@article{Chung2016CharacterLevelDecoderwithoutExplicitSegmentationNeuralMachineTranslation,
archivePrefix = {arXiv},
arxivId = {1603.06147},
author = {Chung, Junyoung and Cho, Kyunghyun and Bengio, Yoshua},
eprint = {1603.06147},
file = {home/CharacterLevelDecoderwithoutExplicitSegmentationNeuralMachineTranslation.pdf},
isbn = {9781510827585},
issn = {2307-387X},
title = {{A Character-Level Decoder without Explicit Segmentation for Neural Machine Translation}},
url = {http://arxiv.org/abs/1603.06147},
year = {2016}
}
@article{Eldesouki2017ArabicMultiDialectSegmentation,
archivePrefix = {arXiv},
arxivId = {arXiv:1708.05891v1},
author = {Eldesouki, Mohamed and Samih, Younes and Abdelali, Ahmed and Attia, Mohammed and Mubarak, Hamdy and Darwish, Kareem and Kallmeyer, Laura and City, New York},
eprint = {arXiv:1708.05891v1},
file = {home/EldeEldesouki2017ArabicMultiDialectSegmentation.pdf},
title = {{Arabic Multi-Dialect Segmentation: bi-LSTM-CRF vs. SVM}},
year = {2017}
}
@article{Ficler2017ControllingLinguisticStyleAspectsNeuralLanguageGeneration,
archivePrefix = {arXiv},
arxivId = {1707.02633},
author = {Ficler, Jessica and Goldberg, Yoav},
eprint = {1707.02633},
file = {home/ControllingLinguisticStyleAspectsNeuralLanguageGeneration.pdf},
number = {section 3},
title = {{Controlling Linguistic Style Aspects in Neural Language Generation}},
url = {http://arxiv.org/abs/1707.02633},
year = {2017}
}
@article{Ghosh2015NeuralNetworksTextCorrectionCompletionKeyboardDecoding,
archivePrefix = {arXiv},
arxivId = {1709.06429},
author = {Ghosh, Shaona and Kristensson, Ola},
eprint = {1709.06429},
file = {home/NeuralNetworksTextCorrectionCompletionKeyboardDecoding.pdf},
keywords = {Artificial Neural Networks,Convolution Neural Networks,Decoding,Index Terms—Machine Learning,Recurrent Neural Networks,Supervised Learning},
number = {8},
pages = {1--14},
title = {{Neural Networks for Text Correction and Completion in Keyboard Decoding}},
volume = {14},
year = {2015}
}
@article{Graves2013GeneratingSequencesRecurrentNeuralNetworks,
archivePrefix = {arXiv},
arxivId = {1308.0850},
author = {Graves, Alex},
doi = {10.1145/2661829.2661935},
eprint = {1308.0850},
file = {home/GeneratingSequencesRecurrentNeuralNetworks.pdf},
isbn = {2000201075},
issn = {18792782},
pages = {1--43},
pmid = {23459267},
title = {{Generating Sequences With Recurrent Neural Networks}},
url = {http://arxiv.org/abs/1308.0850},
year = {2013}
}
@article{Greydanus2017LearningEnigmaRecurrentNeuralNetworks,
archivePrefix = {arXiv},
arxivId = {1708.07576},
author = {Greydanus, Sam},
eprint = {1708.07576},
file = {home/LearningEnigmaRecurrentNeuralNetworks.pdf},
title = {{Learning the Enigma with Recurrent Neural Networks}},
url = {http://arxiv.org/abs/1708.07576},
year = {2017}
}
@article{Hochreiter1997LongShortTermMemory,
archivePrefix = {arXiv},
arxivId = {1206.2944},
author = {Hochreiter, Sepp and {Urgen Schmidhuber}, J},
doi = {10.1162/neco.1997.9.8.1735},
eprint = {1206.2944},
file = {home/Hochreiter1997LongShortTermMemory.pdf},
isbn = {08997667 (ISSN)},
issn = {0899-7667},
journal = {Neural Computation},
number = {8},
pages = {1735--1780},
pmid = {9377276},
title = {{Long Short-Term Memory}},
url = {http://www7.informatik.tu-muenchen.de/{~}hochreit{\%}5Cnhttp://www.idsia.ch/{~}juergen},
volume = {9},
year = {1997}
}
@article{Hopkins2017AutomaticallyGeneratingRhythmicVerseNeuralNetworks,
author = {Hopkins, Jack and Kiela, Douwe},
doi = {10.18653/v1/P17-1016},
file = {home/Hopkins2017AutomaticallyGeneratingRhythmicVerseNeuralNetworks.pdf},
isbn = {9781945626753},
journal = {Proceedings of the 55th Annual Meeting of the Association for
          Computational Linguistics (Volume 1: Long Papers)},
pages = {168--178},
title = {{Automatically Generating Rhythmic Verse with Neural Networks}},
url = {http://aclweb.org/anthology/P17-1016},
year = {2017}
}
@article{Hwang2017CharacterLevelLanguageModelingHierarchicalRecurrentNeuralNetworks,
archivePrefix = {arXiv},
arxivId = {1609.03777},
author = {Hwang, Kyuyeon and Sung, Wonyong},
doi = {10.1109/ICASSP.2017.7953252},
eprint = {1609.03777},
file = {home/CharacterLevelLanguageModelingHierarchicalRecurrentNeuralNetworks.pdf},
isbn = {9781509041176},
issn = {15206149},
journal = {ICASSP, IEEE International Conference on Acoustics, Speech and Signal Processing - Proceedings},
keywords = {Character-level language model,hierarchical recurrent neural network,long short-term memory},
pages = {5720--5724},
title = {{Character-level language modeling with hierarchical recurrent neural networks}},
year = {2017}
}
@article{Kim2015CharacterAwareNeuralLanguageModels,
archivePrefix = {arXiv},
arxivId = {1508.06615},
author = {Kim, Yoon and Jernite, Yacine and Sontag, David and Rush, Alexander M.},
doi = {2},
eprint = {1508.06615},
file = {home/CharacterAwareNeuralLanguageModels.pdf},
isbn = {9781577357605},
issn = {14814374},
keywords = {Technical Papers: Natural Language Processing and},
pages = {2741--2749},
pmid = {15003161},
title = {{Character-Aware Neural Language Models}},
url = {http://arxiv.org/abs/1508.06615},
year = {2015}
}
@article{Kowsari2017HierarchicalDeepLearningTextClassification,
archivePrefix = {arXiv},
arxivId = {1709.08267},
author = {Kowsari, Kamran and Brown, Donald E. and Heidarysafa, Mojtaba and Meimandi, Kiana Jafari and Gerber, Matthew S. and Barnes, Laura E.},
eprint = {1709.08267},
file = {home/HierarchicalDeepLearningTextClassification.pdf},
title = {{HDLTex: Hierarchical Deep Learning for Text Classification}},
year = {2017}
}
@article{Kurt2012AlgorithmForDetectionAnalysis,
author = {Kurt, Atakan and Kara, Mehmet},
doi = {10.3906/elk-1010-899},
file = {home/Kurt2012AlgorithmForDetectionAnalysis.pdf},
issn = {13000632},
journal = {Turkish Journal of Electrical Engineering and Computer Sciences},
keywords = {Arabic,Arud,Diwan,Meter,Ottoman,Persian,Poem,Poetry,Prosody,Scansion,Turkish},
number = {6},
pages = {948--963},
title = {{An algorithm for the detection and analysis of arud meter in Diwan poetry}},
volume = {20},
year = {2012}
}
@article{Lai2015RecurrentConvolutionalNeuralNetworksTextClassification,
author = {Lai, Siwei and Xu, Liheng and Liu, Kang and Zhao, Jun},
file = {home/RecurrentConvolutionalNeuralNetworksTextClassification.pdf},
isbn = {9781577357018},
journal = {Twenty-Ninth AAAI Conference on Artificial Intelligence},
keywords = {NLP and Machine Learning Track},
pages = {2267--2273},
title = {{Recurrent Convolutional Neural Networks for Text Classification}},
year = {2015}
}
@article{Lee2017NameNationalityClassificationRecurrentNeuralNetworks,
author = {Lee, Jinhyuk and Kim, Hyunjae and Ko, Miyoung and Choi, Donghee and Choi, Jaehoon and Korea, Jaewoo Kang},
file = {home/NameNationalityClassificationRecurrentNeuralNetworks.pdf},
keywords = {Classification,LSTM,Machine Learning: Classification,Machine Learning: Deep Learning,Machine Learning: Neural Networks,RNN,Skip-gram embeding,char-level,character embeddings,n-gram models,nationality and ethnicity classification tasks,one-hot encoding,softmax},
mendeley-tags = {Classification,LSTM,RNN,Skip-gram embeding,char-level,character embeddings,n-gram models,nationality and ethnicity classification tasks,one-hot encoding,softmax},
title = {{Name Nationality Classification with Recurrent Neural Networks}},
year = {2017}
}
@article{Lewis2016SentenceCorrectionusingRecurrentNeuralNetworks,
author = {Lewis, Gene},
file = {home/SentenceCorrectionusingRecurrentNeuralNetworks.pdf},
keywords = {Char-RNN,English text,LSTM,NLP to translation,Text using RNN,mini-batch,one-hot encoding,softmax},
mendeley-tags = {Char-RNN,English text,LSTM,NLP to translation,Text using RNN,mini-batch,one-hot encoding,softmax},
title = {{Sentence Correction using Recurrent Neural Networks}},
url = {https://cs224d.stanford.edu/reports/Lewis.pdf},
year = {2016}
}
@article{Liu2016RecurrentNeuralNetworkTextClassificationMulti,
archivePrefix = {arXiv},
arxivId = {1605.05101},
author = {Liu, Pengfei and Qiu, Xipeng and Huang, Xuanjing},
eprint = {1605.05101},
file = {home/RecurrentNeuralNetworkTextClassificationMulti-TaskLearning.pdf},
isbn = {978-1-57735-770-4},
journal = {Proceedings of the 25th International Joint Conference on Artificial Intelligence IJCAI-16},
keywords = {Natural Language Processing},
pages = {to appear},
title = {{Recurrent Neural Network for Text Classification with Multi-Task Learning}},
url = {http://arxiv.org/abs/1605.05101},
year = {2016}
}
@article{Lopyrev2015GeneratingNewsHeadlinesRecurrentNeuralNetworks,
archivePrefix = {arXiv},
arxivId = {1512.01712},
author = {Lopyrev, Konstantin},
eprint = {1512.01712},
file = {home/GeneratingNewsHeadlinesRecurrentNeuralNetworks.pdf},
keywords = {English Text,Generating news headlines,LSTM,RNN,ecnoder-decoder RNN,word level},
title = {{Generating News Headlines with Recurrent Neural Networks}},
url = {https://arxiv.org/pdf/1512.01712.pdf},
year = {2015}
}
@article{Martens2011GeneratingTextRecurrentNeuralNetworks,
archivePrefix = {arXiv},
arxivId = {arXiv:gr-qc/9809069v1},
author = {Martens, James 2011},
doi = {2},
eprint = {9809069v1},
file = {home/GeneratingTextRecurrentNeuralNetworks.pdf},
isbn = {9781450306195},
issn = {1},
journal = {Neural Networks},
number = {1},
pages = {1017--1024},
pmid = {15003161},
primaryClass = {arXiv:gr-qc},
title = {{Generating Text with Recurrent Neural Networks}},
url = {https://www.aaai.org/ocs/index.php/FLAIRS/FLAIRS16/paper/view/12923},
volume = {131},
year = {2011}
}
@article{Parikh2016LearningCapitalizeCharacterLevelRecurrentNeuralNetworksEmpiricalStudy,
archivePrefix = {arXiv},
arxivId = {1511.00060},
author = {Parikh, Ankur P. and T{\"{a}}ckstr{\"{o}}m, Oscar and Das, Dipanjan and Uszkoreit, Jakob and Nguyen, Dat Quoc and Sirts, Kairit and Qu, Lizhen and Johnson, Mark and Qin, Lianhui and Zhang, Zhisong and Zhao, Hai and Cheng, Hao and Fang, Hao and He, Xiaodong and Gao, Jianfeng and Deng, Li and Wieting, John and Bansal, Mohit and Gimpel, Kevin and Livescu, Karen and Golub, David and He, Xiaodong and Wang, Peilu and Qian, Yao and Soong, Frank K. and He, Lei and Zhao, Hai and Li, Qi and Li, Tianshi and Chang, Baobao and Science, Computer and District, Haidian and Zhou, Jie and Cao, Ying and Wang, Xuguang and Li, Peng and Xu, Wei and Sharp, Rebecca and Surdeanu, Mihai and Jansen, Peter and Clark, Peter and Hammond, Michael and Qiu, Lin and Tu, Kewei and Yu, Yong and Melamud, Oren and Goldberger, Jacob and Dagan, Ido and Susanto, Raymond Hendy and Chieu, Hai Leong and Lu, Wei and Kurata, Gakuto and Xiang, Bing and Zhou, Bowen and Yu, Mo and Trischler, Adam and Ye, Zheng and Yuan, Xingdi and Suleman, Kaheer and Zhang, Xingxing and Lu, Liang and Lapata, Mirella and Lee, Ji Young and Dernoncourt, Franck and Wang, Zhiguo and Mi, Haitao and Ittycheriah, Abraham and Liu, Yang and Li, Sujian and Onishi, Takeshi and Wang, Hai and Bansal, Mohit and Gimpel, Kevin and McAllester, David},
doi = {10.18653/v1/N16-1062},
eprint = {1511.00060},
file = {home/LearningCapitalizeCharacterLevelRecurrentNeuralNetworksEmpiricalStudy.pdf},
isbn = {9781941643914},
journal = {Emnlp},
number = {3},
pages = {128--137},
title = {{A Decomposable Attention Model for Natural Language Inference Ankur}},
url = {http://arxiv.org/abs/1608.05457{\%}5Cnhttp://arxiv.org/abs/1609.06380{\%}5Cnhttp://arxiv.org/abs/1602.06797{\%}5Cnhttp://aclweb.org/anthology/N16-1035{\%}5Cnhttp://arxiv.org/abs/1606.02270{\%}5Cnhttp://arxiv.org/abs/1601.01530{\%}5Cnhttp://arxiv.org/abs/1609.08097{\%}5Cnhttp:},
volume = {5},
year = {2016}
}
@article{Potdar2017ComparativeStudyCategoricalVariable,
author = {Potdar, Kedar and S., Taher and D., Chinmay},
doi = {10.5120/ijca2017915495},
file = {home/Potdar2017ComparativeStudyCategoricalVariable.pdf},
issn = {09758887},
journal = {International Journal of Computer Applications},
number = {4},
pages = {7--9},
title = {{A Comparative Study of Categorical Variable Encoding Techniques for Neural Network Classifiers}},
url = {http://www.ijcaonline.org/archives/volume175/number4/potdar-2017-ijca-915495.pdf},
volume = {175},
year = {2017}
}
@article{Prieto2017LearningTextRepresentationRecurrentConvolutionalNeuralNetworkHighwayLayers,
archivePrefix = {arXiv},
arxivId = {arXiv:1603.07016v1},
author = {Prieto, Luis P. and Rodr{\'{i}}guez-Triana, Mar{\'{i}}a Jes{\'{u}}s and Kusmin, Marge and Laanpere, Mart},
doi = {10.1145/1235},
eprint = {arXiv:1603.07016v1},
file = {home/LearningTextRepresentationRecurrentConvolutionalNeuralNetworkHighwayLayers.pdf},
isbn = {9781450321389},
issn = {16130073},
journal = {CEUR Workshop Proceedings},
keywords = {Multimodal learning analytics,Multimodal teaching analytics,STEM education,Sensors,Smart classroom,Smart school},
pages = {53--59},
pmid = {214160309},
title = {{Smart school multimodal dataset and challenges}},
volume = {1828},
year = {2017}
}
@article{Tanasescu2016AutomaticClassificationPoetryMeter,
author = {Tanasescu, Margento Chris and Paget, Bryan and Inkpen, Diana},
file = {home/Tanasescu2016AutomaticClassificationPoetryMeter.pdf},
isbn = {0714285714},
journal = {Florida Artificial Intelligence Research Society Conference},
title = {{Automatic Classification of Poetry by Meter and Rhyme}},
url = {https://www.aaai.org/ocs/index.php/FLAIRS/FLAIRS16/paper/view/12923},
volume = {5},
year = {2016}
}
@article{Tizhoosh2006PoemRecognition,
author = {Tizhoosh, H. R. and Dara, R. A.},
doi = {10.1007/s10044-006-0044-8},
file = {home/Tizhoosh2006PoemRecognition.pdf},
issn = {14337541},
journal = {Pattern Analysis and Applications},
number = {4},
pages = {325--338},
title = {{On poem recognition}},
volume = {9},
year = {2006}
}
@article{Tizhoosh2008PoeticFeaturesPoemRecognitionComparativeStudy,
author = {Tizhoosh, Hamid R and Dara, Rozita},
doi = {10.13176/11.62},
file = {home/PoeticFeaturesPoemRecognitionComparativeStudy.pdf},
issn = {1558884X},
journal = {Design Engineering},
keywords = {English poem},
number = {April 2014},
pages = {24--39},
title = {{Poetic Features for Poem Recognition : A Comparative Study}},
url = {https://www.researchgate.net/profile/Hamid{\_}Tizhoosh/publication/228375375{\_}Poetic{\_}Features{\_}for{\_}Poem{\_}Recognition{\_}A{\_}Comparative{\_}Study/links/0a85e535713f57e109000000.pdf},
year = {2008}
}
@article{Wu2013CharacterLevelConvolutionalNetworksTextClassification,
archivePrefix = {arXiv},
arxivId = {1502.01710},
author = {Wu, Zhizheng and Virtanen, Tuomas and Kinnunen, Tomi and Chng, Eng Siong and Li, Haizhou},
doi = {10.1063/1.4906785},
eprint = {1502.01710},
file = {home/CharacterLevelConvolutionalNetworksTextClassification.pdf},
isbn = {0123456789},
issn = {19909772},
journal = {Proceedings of the Annual Conference of the International Speech Communication Association, INTERSPEECH},
keywords = {Multi-frame exemplar,Temporal information,Unit selection,Voice conversion},
pages = {3057--3061},
pmid = {25246403},
title = {{Character-level Convolutional Networks for Text Classification}},
year = {2013}
}
@article{Xie2017DeepPoetryWordLevelCharacterLevelLanguageModelsShakespeareanSonnetGeneration,
author = {Xie, Stanley and Rastogi, Ruchir and Chang, Max},
file = {home/DeepPoetryWordLevelCharacterLevelLanguageModelsShakespeareanSonnetGeneration.pdf},
title = {{Deep Poetry: Word-Level and Character-Level Language Models for Shakespearean Sonnet Generation}},
year={2017}
}
@article{Xu2016VariationalAutoencodersSemiSupervisedTextClassification,
archivePrefix = {arXiv},
arxivId = {1603.02514},
author = {Xu, Weidi and Sun, Haoze and Deng, Chao and Tan, Ying},
eprint = {1603.02514},
file = {home/VariationalAutoencodersSemiSupervisedTextClassification.pdf},
keywords = {Semi-supervised},
mendeley-tags = {Semi-supervised},
title = {{Variational Autoencoders for Semi-supervised Text Classification}},
url = {http://arxiv.org/abs/1603.02514},
year = {2016}
}
@article{Yan2016AutomaticPoetryCompositionRecurrentNeuralNetworksIterativePolishingSchema,
author = {Yan, Rui},
file = {home/Yan2016AutomaticPoetryCompositionRecurrentNeuralNetworksIterativePolishingSchema.pdf},
issn = {10450823},
journal = {IJCAI International Joint Conference on Artificial Intelligence},
keywords = {Machine Learning},
pages = {2238--2244},
title = {{I, Poet: Automatic poetry composition through recurrent neural networks with iterative polishing schema}},
volume = {2016-Janua},
year = {2016}
}
@article{Yogatama2017GenerativeDiscriminativeTextClassificationRecurrentNeuralNetworks,
archivePrefix = {arXiv},
arxivId = {1703.01898},
author = {Yogatama, Dani and Dyer, Chris and Ling, Wang and Blunsom, Phil},
doi = {10.1109/SLT.2016.7846260},
eprint = {1703.01898},
file = {home/GenerativeDiscriminativeTextClassificationRecurrentNeuralNetworks.pdf},
isbn = {9781509049035},
issn = {19909772},
title = {{Generative and Discriminative Text Classification with Recurrent Neural Networks}},
url = {http://arxiv.org/abs/1703.01898},
year = {2017}
}
@article{Zhou2015ACLSTMNeuralNetworkTextClassification,
archivePrefix = {arXiv},
arxivId = {1511.08630},
author = {Zhou, Chunting and Sun, Chonglin and Liu, Zhiyuan and Lau, Francis C. M.},
eprint = {1511.08630},
file = {home/Zhou2015ACLSTMNeuralNetworkTextClassification.pdf},
title = {{A C-LSTM Neural Network for Text Classification}},
url = {http://arxiv.org/abs/1511.08630},
year = {2015}
}
